<record><leader>00000cas a22000007a 4500</leader><controlfield tag="001">11986703</controlfield><controlfield tag="008">850501d19161944iauwr ne      0    0eng d</controlfield><datafield ind1=" " ind2=" " tag="010"><subfield code="a">sn 85050803 </subfield></datafield><datafield ind1=" " ind2=" " tag="040"><subfield code="a">INP</subfield><subfield code="b">eng</subfield><subfield code="c">INP</subfield><subfield code="d">OCLCQ</subfield></datafield><datafield ind1=" " ind2=" " tag="042"><subfield code="a">msc</subfield></datafield><datafield ind1="0" ind2=" " tag="130"><subfield code="a">Tri-county news (Zearing, Iowa : 1916)</subfield></datafield><datafield ind1="1" ind2="0" tag="245"><subfield code="a">Tri-county news.</subfield></datafield><datafield ind1=" " ind2=" " tag="260"><subfield code="a">Zearing, Iowa :</subfield><subfield code="b">Merle H. Laycock,</subfield><subfield code="c">-1944.</subfield></datafield><datafield ind1=" " ind2=" " tag="300"><subfield code="a">v. :</subfield><subfield code="b">ill. ;</subfield><subfield code="c">56 cm.</subfield></datafield><datafield ind1=" " ind2=" " tag="310"><subfield code="a">Weekly</subfield></datafield><datafield ind1="1" ind2=" " tag="362"><subfield code="a">Began in spring of 1916.</subfield><subfield code="z">Cf. Grimm, d. H. Community history, Zearing, Iowa.</subfield></datafield><datafield ind1="0" ind2=" " tag="362"><subfield code="a">-v. 47, no. 26 (July 27, 1944).</subfield></datafield><datafield ind1=" " ind2=" " tag="500"><subfield code="a">Publishers: John K. and Merle H. Laycock, &lt;1916&gt;; Merle H. Laycock, &lt;July 27, 1917&gt;; Paul D. Ratliffe and W.L. Hister, &lt;1920&gt;; Paul D. Ratliffe, &lt;1921&gt;; J.C. Talmadge, &lt;1922-1929&gt;; W.T. Jahnke, &lt;Feb. 1930&gt;; J. Vernon Moon, &lt;Dec. 4, 1930&gt;-June 25, 1931; J.W. Sharp, &lt;Nov. 5, 1931&gt;; Burt Kroessen, July 3, 1931-Oct. 15, 1931; G.R. Osborn, &lt;Jan. 5, 1932&gt;-June 8, 1933; William H. Banninger, &lt;June 15, 1933&gt;; W.J. Manchester, &lt;July 13, 1944&gt;.</subfield></datafield><datafield ind1=" " ind2=" " tag="500"><subfield code="a">Editors: J.K. Laycock, &lt;July 27, 1917&gt;; J. Vernon Moon and Donald L. Browhard, &lt;1930&gt;; J. Vernon Moon, &lt;1930-193l&gt;; Burt Kroessen, July 3-Oct. 15, 1931; J.W. Sharp, &lt;Nov. 5, 1931&gt;; J.W. Sharp, Jr., &lt;1931&gt;; Orphe Z. Burkhead and Kenneth L. Cerka, &lt;1931&gt;; G.R. Osborn, &lt;Jan. 5, 1932&gt;-June 8, 1933; Hildegarde H. Banninger, &lt;June 15, 1933&gt;; W.J. Manchester, &lt;July 13, 1944&gt;.</subfield></datafield><datafield ind1=" " ind2=" " tag="515"><subfield code="a">Occasional issues misdated.</subfield></datafield><datafield ind1=" " ind2=" " tag="588"><subfield code="a">Description based on: Vol. 4, no. 51 (July 27, 19l7).</subfield></datafield><datafield ind1=" " ind2=" " tag="752"><subfield code="a">United States</subfield><subfield code="b">Iowa</subfield><subfield code="c">Story</subfield><subfield code="d">Zearing.</subfield></datafield><datafield ind1="0" ind2="0" tag="780"><subfield code="t">Zearing news</subfield></datafield><datafield ind1="0" ind2="0" tag="785"><subfield code="t">New tri-county news</subfield><subfield code="w">(DLC)sn 85050815</subfield></datafield></record>